@book{astrom,
	author 		= "Karl J. Äström and Björn Wittenmark",  
  	title   	= "Computer Controlled Systems - Theory and Design", 
  	publisher   = "Prentice Hall",
	edition  	= 3,
	ISBN 		= "ISBN 0-13-314899-8",
	year 		= "2004"
}

@book{ogata_ing_ctrl,
	author 		= "Katsuhiko Ogata",
	title 	    = "Ingenier\'ia de Control Moderna", 
	publisher   = "Prentice Hall",
	edition   	= 2,
	year 		= "1993"
}

@book{skogestad,
	author 		= "Sigurd Skogestad and Ian Postlethwaite",
	title       = "Multivariable Feedback Control - Analysis and Design", 
  	publisher 	= "John Wiley \& Sons", 
	edition   	= "2",
	year 		= "2001"
}

@book{goodwing, 
	author 		= "Graham C. Goodwin and Stefan F. Graebe and Mario E. Salgado", 
	title   	= "Control System Design", 
	publisher 	= "Prentice Hall",
	ISBN 		= "0139586539", 
	year 		= {2001}
}

@book{fossen, 
	author 		= "Thor I. Fossen",  
	title   	= "Marine Control Systems Guidance, Navigation, and Control of Ships, Rigs and Underwater Vehicles",
	publisher 	= "Marine Cybernetic",
	isbn        = "978-8292356005",
	year 		= "2002"
}

@book{astronautics, 
	author 		= "Ulrich Walter",  
	title   	= "Astronautics: The Physics of Space Flight 3ed",
	publisher 	= "Springer",
	isbn        = "978-3-319-74373-8",
	year 		= "2008"
}

@book{jenkins_burton_sharpe_bossanyi,
	title 		= "Wind Energy Handbook",
	author 		= "Nicholas Jenkins and A Burton and D Sharpe and E Bossanyi",
	year 		= "2001",
	isbn 		= "0-4714-8997-2",
	publisher 	= "Wiley",
}

@book{morphing_wing_technologies,
	title 		= "Morphing Wing Technologies. Large Commercial Aircraft and Civil Helicopters",
	year 		= "2018",
	isbn 		= "978-0-08-100964-2",
	doi         = "https://doi.org/10.1016/C2015-0-01317-X",
	publisher 	= "Elsevier Ltd.",
}
@techreport{mil_f_8785c,
  author  	  = "Moorhouse David J. and Woodcock, Robert J.",
  title       = "MIL-F-8785C - Flying Qualities of Piloted Airplanes",
  institution = "Departamento de Defensa - EE.UU.",
  year        = 1980
}

@techreport{mil_hdbk_1797,
  author  	  = "DOD",
  title       = "MIL-HDBK-1797 - Flying Qualities of Piloted Aircraft", 
  institution = "Departamento de Defensa - EE.UU.",
  year        = 1997
}

@inproceedings{exp-inv-pend-abs,
	title    = {Experimental Investigation of Centrifugal Pendulum Vibration Absorbers},
	author   = {J. Mayet, D. Rixen, H. Ulbrich}, 	
	booktitle= {11 th International Conference on Vibration Problems},
	publisher= {Z. Dimitrovová et.al.},
	year     = {2013},
	month    = {September}, 
}

@misc{ai-solutions-orbit-reference-frames,
	title    = {Orbit Reference Frames},
	author   = {a.i. solutions}, 	
	href     = {https://ai-solutions.com/_help_Files/orbit_reference_frames.htm#achr_icrf}
}

@techreport{msdat-2014,
  author  	  = "William B. Blake",
  title       = "MISSILE DATA COMPENDIUM (DATCOM) - [AFRL-RQ-WP-TR-2014-0281]",
  institution = "U.S. Army Aviation and Missile Research, Development, and Engineering Center",
  year        = 2014
}

@techreport{msdat-1977,
  author  	  = "William B. Blake",
  title       = "MISSILE DATCOM   USER?S MANUAL - 1997 FORTRAN 90 REVISION- [AFRL-RQ-WP-TR-2014-0281]",
  institution = "Air Force Research Laboratory - Air Vehicles Directorate",
  year        = 1977 
}

@techreport{saturn-V-GyC,
  author  	  = "Walter Haeussermann",
  title       = "GUIDANCE AND CONTROL OF SATURN LAUNCH VEHICLES",
  publisher   = "American Institute of Aeronautics and Astronautics (AIAA)",
  institution = "National Aeronautics and Space Administration - Marshall Space Flight Center",
  year        = 1965
}

